@manual{V207,
  author = {TU Dortmund},
  title = {V207: Das Kugelfall-Viskosimeter nach HÃ¶ppler},
  year = 2018
}
@web{science, 
  author = {Steffen Thomas},
  titel = {Dichte von Wasser},
  year = {2018},
  url = {wissen.science-and-fun.de/tabellen-zur-chemie/dichtetabellen/dichte-von-wasser/}
  }
